<?xml version="1.0" encoding="UTF-8"?><collection xmlns="http://www.loc.gov/MARC21/slim"><record><leader>00467nam--2200181-u-4500</leader><controlfield tag="001">000052379</controlfield><controlfield tag="002">20161230</controlfield><controlfield tag="005">20161230201050</controlfield><controlfield tag="008">100630s1000------------r-----000-0-rus-d</controlfield><datafield ind1=" " ind2=" " tag="040"><subfield code="a">IFIN-HH</subfield></datafield><datafield ind1=" " ind2=" " tag="041"><subfield code="a">rus</subfield></datafield><datafield ind1=" " ind2=" " tag="080"><subfield code="a">537.622</subfield></datafield><datafield ind1="1" ind2=" " tag="100"><subfield code="a">Kozorez, V.V</subfield></datafield><datafield ind1="1" ind2="0" tag="245"><subfield code="a">Dinamiceskie sistemi magnitno vzaimodeistvuisih svobodnih tel</subfield><subfield code="c">V.V. Kozorez</subfield></datafield><datafield ind1=" " ind2=" " tag="260"><subfield code="a">Kiev</subfield><subfield code="b">Naukova dumka</subfield><subfield code="c">1981</subfield></datafield><datafield ind1=" " ind2=" " tag="300"><subfield code="a">140 p</subfield></datafield><datafield ind1=" " ind2=" " tag="852"><subfield code="a">70059</subfield><subfield code="c">531</subfield></datafield><datafield ind1=" " ind2=" " tag="CAT"><subfield code="a">Sys</subfield><subfield code="c">20100630</subfield><subfield code="h">132342</subfield></datafield></record></collection>